<?xml version="1.0" encoding="UTF-8"?><collection xmlns="http://www.loc.gov/MARC21/slim"><record><leader>00665nam--2200181-i-4500</leader><controlfield tag="001">000013312</controlfield><controlfield tag="002">20161230</controlfield><controlfield tag="005">20161230201030</controlfield><controlfield tag="008">060222s1000------------r-----000-0-eng-d</controlfield><datafield ind1=" " ind2=" " tag="040"><subfield code="a">IFIN-HH</subfield></datafield><datafield ind1=" " ind2=" " tag="080"><subfield code="a">539.172.4(061.3)</subfield></datafield><datafield ind1="1" ind2=" " tag="100"><subfield code="a">Nogova, A./S.A.</subfield></datafield><datafield ind1="1" ind2="0" tag="245"><subfield code="a">Quantum chromodynamics</subfield><subfield code="b">Physics and applications volume 7 proceedings of the extended triangle meeting hadron structure '80 smolenice 1980 conference sponsored by iupap</subfield><subfield code="c">A. nogova (ed.)</subfield></datafield><datafield ind1=" " ind2=" " tag="260"><subfield code="a">Bratislava</subfield><subfield code="b">Publishing House Of The Slovak Academy Of Sciences</subfield><subfield code="c">1980</subfield></datafield><datafield ind1=" " ind2=" " tag="300"><subfield code="a">315P</subfield></datafield><datafield ind1=" " ind2=" " tag="490"><subfield code="a">Physics And Applications</subfield><subfield code="v">Volume 7</subfield></datafield><datafield ind1=" " ind2=" " tag="852"><subfield code="a">44209</subfield><subfield code="c">539.12</subfield></datafield><datafield ind1=" " ind2=" " tag="CAT"><subfield code="a">Sys</subfield><subfield code="c">20111125</subfield><subfield code="h">113210</subfield></datafield></record></collection>